<?xml version="1.0" encoding="UTF-8"?><collection xmlns="http://www.loc.gov/MARC21/slim"><record><leader>00754nam--2200205-i-4500</leader><controlfield tag="001">000017261</controlfield><controlfield tag="002">20161230</controlfield><controlfield tag="005">20161230201032</controlfield><controlfield tag="008">060222s1000------------r-----000-0-eng-d</controlfield><datafield ind1=" " ind2=" " tag="020"><subfield code="a">928262756X</subfield></datafield><datafield ind1=" " ind2=" " tag="040"><subfield code="a">IFIN-HH</subfield></datafield><datafield ind1=" " ind2=" " tag="080"><subfield code="a">539.16.07</subfield></datafield><datafield ind1="1" ind2=" " tag="100"><subfield code="a">Asselineau, J.M</subfield></datafield><datafield ind1="1" ind2="0" tag="245"><subfield code="a">Determination des niveaux de radioactivite et recommandations pour l`exemption de dechets radioactifs ne provenant pas du cycle de combustible nucleaire</subfield><subfield code="c">J.m. asselineau; a.m. chapuis; p. guetat; p. renaud</subfield></datafield><datafield ind1=" " ind2=" " tag="260"><subfield code="a">Luxembourg</subfield><subfield code="b">Office Des Publications Officielles Des Communautes Europeennes</subfield><subfield code="c">1991</subfield></datafield><datafield ind1=" " ind2=" " tag="300"><subfield code="a">95 P</subfield></datafield><datafield ind1=" " ind2=" " tag="490"><subfield code="a">Sciences Et Techniques Nucleaires</subfield><subfield code="v">Eur 13562</subfield></datafield><datafield ind1="1" ind2=" " tag="700"><subfield code="a">Renaud, P</subfield></datafield><datafield ind1=" " ind2=" " tag="852"><subfield code="a">80161</subfield><subfield code="c">539.16</subfield></datafield><datafield ind1=" " ind2=" " tag="CAT"><subfield code="a">Sys</subfield><subfield code="c">20110110</subfield><subfield code="h">143445</subfield></datafield></record></collection>